
@misc{crossfilter,
	author = {Mike Bostock},
	title = {Crossfilter},
	howpublished = {\url{https://square.github.io/crossfilter/}},
}


@misc{dc,
	title = {Dimensional Charting},
	howpublished = {\url{https://dc-js.github.io/dc.js/}},

}
