
@inproceedings{mackinlay,
	author = {Card, Stuart and Mackinlay, Jock},
	year = {1997},
	month = {11},
	pages = {92-99},
	title = {The Structure of the Information Visualization Design Space},
}


@inproceedings{bertin,
	author = {Bertin, J},
	year = {1967},
	title = {Semiology of Graphics: Diagrams, Networks, Maps.},
}

